@misc{Pedro2009,
author = {Pedro J. Madero Serrano},
title = {Dom{\'o}tica y aplicaciones para el hogar {@MISC}},
month = enero,
year = {2009}
}
@misc{casadomo:2017:Misc,
author = {CasaDomo.com},
title = {Todo sobre Edificios Inteligentes {@MISC}},
month = enero,
year = {2017},
url = {https://www.casadomo.com/}
}
@book{solminihac2005,
  title={Procesos y t{\'e}cnicas de construcci{\'o}n},
  author={De Solminihac, Hern{\'a}n},
  year={2005},
  publisher={Ediciones UC}
}
@book{moya2004,
  title={Dom{\'o}tica: edificios inteligentes},
  author={Moya, Jos{\'e} Manuel Huidobro and Tejedor, Ram{\'o}n J Mill{\'a}n},
  year={2004},
  publisher={Creaciones copyright}
}
@article{escobar2001,
  title={Dom{\'o}tica: Ciencia-ficci{\'o}n hecha realidad},
  author={Escobar, Wilken Rodr{\'\i}guez and Pinz{\'o}n, Zaira and Naranjo, Pedro},
  journal={Ciencia e Ingenier{\'\i}a Neogranadina},
  volume={11},
  pages={59--65},
  year={2001}
}
@article{herrera2005,
  title={Viviendas inteligentes (dom{\'o}tica)},
  author={Herrera Quintero, Luis Felipe},
  journal={Ingenier{\'\i}a e Investigaci{\'o}n},
  volume={25},
  number={2},
  pages={47--52},
  year={2005}
}
@article{aviles2001,
  title={Dom{\'o}tica: Control de instalaciones con PC},
  author={Avil{\'e}s, Oscar F and Castro, Jos{\'e} Fernando},
  journal={Ciencia e Ingenier{\'\i}a Neogranadina},
  number={10},
  year={2001},
  publisher={Universidad Militar Nueva Granada}
}
@article{martinez2014,
  title={Propuesta de Procedimiento para realizar pruebas de Caja Blanca a las aplicaciones que se desarrollan en lenguaje Python},
  author={Mart{\'\i}nez, Eduardo Salazar},
  journal={3C TIC},
  volume={3},
  number={2},
  pages={89--114},
  year={2014}
}
@article{tamayo2009,
  title={Comunicaci{\'o}n serial},
  author={Tamayo, A},
  journal={Colombia.[En l{\'\i}nea] Disponible en: http://galaxi0. wordpress. com/el-puerto-serial/[Consulta: Julio, 2012]},
  year={2009}
}
@article{instruments2006,
  title={Comunicaci{\'o}n Serial: Conceptos Generales},
  author={Instruments, N},
  year={2006}
}
@article{alegsa1998,
  title={Diccionario de inform{\'a}tica y tecnolog{\'\i}a},
  author={Alegsa, Leandro},
  journal={Recuperado el},
  volume={10},
  year={1998}
}
@misc{rae2001,
  title={Diccionario de la lengua espa{\~n}ola-Vig{\'e}sima},
  author={RAE, Real Academia Espa{\~n}ola},
  year={2001},
  publisher={Fuente electr{\'o}nica[en l{\'\i}nea] http://buscon. rae. es/draeI/SrvltConsulta}
}
@article{roche2006,
  title={Psicolog{\'\i}a de la pareja y de la familia. An{\'a}lisis y optimizaci{\'o}n},
  author={Roche, Roberto},
  journal={Barcelona--Espa{\~n}a: Universidad Aut{\'o}noma de Barcelona},
  year={2006}
}
@article{rodriguez2008,
  title={La casa inteligente},
  author={Rodr{\'\i}guez, Ana Masip and Lastra, Miguel {\'A}ngel Fern{\'a}ndez}
}
@article{campoverde2015,
  title={Cloud computing con herramientas open-source para Internet de las cosas},
  author={Campoverde, Ariel M and Hern{\'a}ndez, Dixys L and Maz{\'o}n, Bertha E},
  journal={Maskana},
  volume={6},
  number={Supl.},
  pages={173--182},
  year={2015}
}
@article{morales2011,
  title={La dom{\'o}tica como herramienta para un mejor confort, seguridad y ahorro energ{\'e}tico},
  author={Morales, Geraldine},
  journal={Ciencia e Ingenier{\'\i}a},
  pages={39--42},
  year={2011}
}
@article{batalla2017,
  title={Secure Smart Homes: Opportunities and Challenges},
  author={Batalla, Jordi Mongay and Vasilakos, Athanasios and Gajewski, Mariusz},
  journal={ACM Computing Surveys},
  volume={50},
  number={5},
  pages={p75--1},
  year={2017},
  publisher={Association for Computing Machinery (ACM)}
}
@article{mcroberts2011arduino,
  title={Arduino b{\'a}sico},
  author={McRoberts, Michael},
  journal={S{\~a}o Paulo: Novatec},
  year={2011}
}
@article{quintana2004scaffolding,
  title={A scaffolding design framework for software to support science inquiry},
  author={Quintana, Chris and Reiser, Brian J and Davis, Elizabeth A and Krajcik, Joseph and Fretz, Eric and Duncan, Ravit Golan and Kyza, Eleni and Edelson, Daniel and Soloway, Elliot},
  journal={The journal of the learning sciences},
  volume={13},
  number={3},
  pages={337--386},
  year={2004},
  publisher={Taylor \& Francis}
}
@book{rai2013socket,
  title={Socket. IO Real-time Web Application Development},
  author={Rai, Rohit},
  year={2013},
  publisher={Packt Publishing Ltd}
}
@article{bolivia2012instituto,
  title={Instituto Nacional de Estad{\'\i}stica},
  author={Bolivia, INE},
  journal={Censo de Poblaci{\'o}n y Vivienda 2001},
  year={2012}
}

